<?xml version="1.0" encoding="utf-8"?>
<record xmlns="http://www.loc.gov/MARC21/slim">
   <leader>01313cas a2200337Ii 4500</leader>
   <controlfield tag="001">9915344949602931</controlfield>
   <controlfield tag="008">180530d192419uugauuu p o     0    0eng d</controlfield>
   <datafield ind1=" " ind2=" " tag="010">
      <subfield code="a">sn38019897</subfield>
   </datafield>
   <datafield ind1=" " ind2=" " tag="035">
      <subfield code="a">(OCoLC)1038019897</subfield>
   </datafield>
   <datafield ind1=" " ind2=" " tag="035">
      <subfield code="a">(OCoLC)on1038019897</subfield>
   </datafield>
   <datafield ind1=" " ind2=" " tag="040">
      <subfield code="a">GUA</subfield>
      <subfield code="b">eng</subfield>
      <subfield code="c">GUA</subfield>
      <subfield code="d">GUA</subfield>
      <subfield code="d">OCLCQ</subfield>
      <subfield code="e">rda</subfield>
   </datafield>
   <datafield ind1=" " ind2=" " tag="043">
      <subfield code="a">n-us-ga</subfield>
   </datafield>
      <datafield ind1="0" ind2=" " tag="130">
      <subfield code="a">Campus mirror (Spelman College)</subfield>
   </datafield>
   <datafield ind1="1" ind2="4" tag="245">
      <subfield code="a">The Campus mirror.</subfield>
   </datafield>
   <datafield ind1=" " ind2="1" tag="264">
      <subfield code="a">Atlanta, Georgia :</subfield>
	  <subfield code="b">Students of Spelman College</subfield>
   </datafield>
   <datafield ind1=" " ind2=" " tag="336">
      <subfield code="a">text</subfield>
	  <subfield code="b">txt</subfield>
	  <subfield code="2">rdacontent</subfield>
   </datafield>
   <datafield ind1=" " ind2=" " tag="337">
      <subfield code="a">computer</subfield>
	  <subfield code="b">c</subfield>
	  <subfield code="2">rdamedia</subfield>
   </datafield>
   <datafield ind1="1" ind2=" " tag="362">
      <subfield code="a">Began in 1924?</subfield>
   </datafield>
   <datafield ind1="1" ind2=" " tag="500">
      <subfield code="a">"Published by Students of Spelman College, Atlanta, Georgia during the college year."</subfield>
   </datafield>
   <datafield ind1="0" ind2=" " tag="588">
      <subfield code="a">Vol. 1, no. 5 (February, 1925); title from PDF caption (issue received via e-mail and viewed May 22, 2018).</subfield>
   </datafield>
   <datafield ind1="1" ind2=" " tag="588">
      <subfield code="a">Vol. 27, no. 2 (January/February, 1950) (viewed May 22, 2018).</subfield>
   </datafield>
   <datafield ind1="2" ind2="0" tag="610">
      <subfield code="a">Spelman College</subfield>
      <subfield code="v">Periodicals.</subfield>
   </datafield>
   <datafield ind1=" " ind2="0" tag="650">
      <subfield code="a">Universities and colleges</subfield>
	  <subfield code="z">Georgia</subfield>
      <subfield code="v">Periodicals.</subfield>
   </datafield>
   <datafield ind1=" " ind2="0" tag="650">
      <subfield code="a">African American universities and colleges</subfield>
	  <subfield code="z">Georgia</subfield>
      <subfield code="v">Periodicals.</subfield>
   </datafield>
   <datafield ind1=" " ind2="0" tag="651">
      <subfield code="a">Atlanta (Ga.)</subfield>
      <subfield code="v">Newspapers.</subfield>
   </datafield>
   <datafield ind1=" " ind2="0" tag="651">
      <subfield code="a">Fulton County (Ga.)</subfield>
      <subfield code="v">Newspapers.</subfield>
   </datafield>
   <datafield ind1=" " ind2="7" tag="651">
      <subfield code="a">Georgia</subfield>
      <subfield code="z">Atlanta.</subfield>
   </datafield>
   <datafield ind1=" " ind2="7" tag="651">
      <subfield code="a">Georgia</subfield>
      <subfield code="z">Fulton County.</subfield>
   </datafield>
   <datafield ind1=" " ind2=" " tag="752">
      <subfield code="a">United States</subfield>
      <subfield code="b">Georgia</subfield>
      <subfield code="c">Fulton</subfield>
      <subfield code="d">Atlanta.</subfield>
   </datafield>
   <datafield ind1="0" ind2="8" tag="776">
      <subfield code="i">Print version:</subfield>
      <subfield code="t">Campus mirror (Spelman College)</subfield>
      <subfield code="w">(OCoLC)27690215</subfield>
   </datafield>
</record>
